
@INPROCEEDINGS{santos2015,
year={2015},
isbn={2177-2096},
booktitle={Anais do IX Workshop-Escola de Sistemas de Agentes, seus Ambientes e Aplicações – IX WESAAC},
title={ Concepção e análise de um modelo de agente BDI voltado para o planejamento de rota em um VANT},
author={Fernando Rodrigues Santos and Jomi Fred H\"ubner and Leandro Buss Becker},
pages={66-77}
}

@mastersthesis{uez2013,
author = {Uez, Daniela Maria},
title = {Método para o Desenvolvimento de Software Orientado a Agentes Considerando o Ambiente e a Organização},
school = {UFSC - Universidade Federal de Santa Catarina},
year = {2013}
}

@inproceedings{louali2011,
  title={Real-time characterization of Microsoft Flight Simulator 2004 for integration into Hardware In the Loop architecture},
  author={Louali, Rabah and Belloula, Abdelmalek and Djouadi, Mohand Said and Bouaziz, Samir},
  booktitle={Control \& Automation (MED), 2011 19th Mediterranean Conference on},
  pages={1241--1246},
  year={2011},
  organization={IEEE}
}

@incollection{Hansson1971,
year={1971},
isbn={978-90-277-1302-5},
booktitle={Deontic Logic: Introductory and Systematic Readings},
volume={33},
series={Synthese Library},
editor={Hilpinen, Risto},
doi={10.1007/978-94-010-3146-2_5},
title={An Analysis of Some Deontic Logics},
publisher={Springer Netherlands},
author={Hansson, Bengt},
pages={121-147},
language={English}
}

@INPROCEEDINGS{Pnueli1995,
    author = {Amir Pnueli},
    title = {System Specification and Refinement in Temporal Logic},
    booktitle = {Proceedings of Foundations of Software Technology and Theoretical Computer Science, volume 652 of LNCS},
    year = {1995},
    pages = {1--38},
    publisher = {Springer-Verlag}
}

@INPROCEEDINGS{Rao1995,
    author = {Anand S. Rao and Michael P. Georgeff},
    title = {{BDI} Agents: From Theory to Practice},
    booktitle = {IN PROCEEDINGS OF THE FIRST INTERNATIONAL CONFERENCE ON MULTI-AGENT SYSTEMS (ICMAS-95},
    year = {1995},
    pages = {312--319},
    publisher = {}
}

@inproceedings{liang1999comprehensive,
  title={Comprehensive Profiling Support in the Java Virtual Machine.},
  author={Liang, Sheng and Viswanathan, Deepa},
  booktitle={COOTS},
  pages={229--242},
  year={1999}
}

@article{makhorin2001gnu,
  title={GNU linear programming kit},
  author={Makhorin, Andrew},
  journal={Moscow Aviation Institute, Moscow, Russia},
  volume={38},
  year={2001}
}

@book{Ferber1995,
  title={Les Syst{\`e}mes multi-agents: vers une intelligence collective},
  author={Ferber, J.},
  isbn={9782729605728},
  series={I.I.A. Informatique intelligence artificielle},
  year={1995},
  publisher={InterEditions}
}

@inproceedings{Castelfranchi1995,
  added-at = {2004-11-16T00:00:00.000+0100},
  author = {Castelfranchi, Cristiano},
  booktitle = {ICMAS},
  date = {2004-11-16},
  description = {dblp},
  editor = {Lesser, Victor R. and Gasser, Les},
  isbn = {0-262-62102-9},
  keywords = {dblp},
  pages = {41-48},
  publisher = {The MIT Press},
  timestamp = {2004-11-16T00:00:00.000+0100},
  title = {Commitments: From Individual Intentions to Groups and Organizations.},
  year = 1995
}
@book{Montgomery2006,
 author = {Montgomery, Douglas C.},
 title = {Design and Analysis of Experiments},
 year = {2006},
 isbn = {0470088109},
 publisher = {John Wiley \& Sons},
} 
@book{Demazeau1990,
  title={Decentralized A.I. 2: proceedings of the Second European Workshop on Modelling Autonomous Agents in a Multi-Agent World, Saint Quentin en Yvelines, France, August 13-16, 1990},
  author={Demazeau, Y. and M{\"u}ller, J.P.},
  isbn={9780444890511},
  lccn={91041973},
  series={Decentralized A.I. 2: Proceedings of the Second European Workshop on Modelling Autonomous Agents in a Multi-Agent World, Saint Quentin en Yvelines, France, August 13-16, 1990},
  year={1991},
  publisher={North-Holland}
}

@article{Shoham1993,
 author = {Shoham, Yoav},
 title = {Agent-oriented programming},
 journal = {Artif. Intell.},
 issue_date = {March 1993},
 volume = {60},
 number = {1},
 month = mar,
 year = {1993},
 issn = {0004-3702},
 pages = {51--92},
 numpages = {42},
 doi = {10.1016/0004-3702(93)90034-9},
 acmid = {152188},
 publisher = {Elsevier Science Publishers Ltd.},
 address = {Essex, UK},
} 

@ONLINE{FIPA2013,
title = {FIPA - Foundation for Intelligent Physical Agents},
month = jul,
year = {2013},
}

@inproceedings{Wooldridge1995,
 author = {Wooldridge, Michael and Jennings, Nicholas R.},
 title = {Agent theories, architectures, and languages: a survey},
 booktitle = {Proceedings of the workshop on agent theories, architectures, and languages on Intelligent agents},
 series = {ECAI-94},
 year = {1995},
 isbn = {3-540-58855-8},
 location = {Amsterdam, The Netherlands},
 pages = {1--39},
 numpages = {39},
 acmid = {201174},
 publisher = {Springer-Verlag New York, Inc.},
 address = {New York, NY, USA},
} 

@book{Hubner2007,
  Author = {Rafael H. Bordini and Jomi Fred H\"ubner and Michael Wooldridge},
  Title = {Programming Multi-Agent Systems in AgentSpeak using Jason},
  Publisher = {Wiley-Interscience},
  Year = {2007},
  ISBN = {0470029005}
}

@book{Kellerer2004,
  Author = {Hans Kellerer and Ulrich Pferschy and David Pisinger},
  Title = {Knapsack Problems},
  Publisher = {Springer},
  Year = {2004},
  ISBN = {3540402861}
 }

@article{Boella2006,
year={2006},
issn={1381-298X},
journal={Computational \& Mathematical Organization Theory},
volume={12},
number={2-3},
doi={10.1007/s10588-006-9537-7},
title={Introduction to normative multiagent systems},
publisher={Kluwer Academic Publishers},
keywords={Norms; Multiagent systems; Normative multiagent systems},
author={Boella, Guido and Torre, Leendert and Verhagen, Harko},
pages={71-79},
language={English}
}

@incollection{Ferber2003,
year={2004},
isbn={978-3-540-20826-6},
booktitle={Agent-Oriented Software Engineering IV},
volume={2935},
series={Lecture Notes in Computer Science},
editor={Giorgini, Paolo and M\"uller, JörgP. and Odell, James},
doi={10.1007/978-3-540-24620-6_15},
title={From Agents to Organizations: An Organizational View of Multi-agent Systems},
publisher={Springer Berlin Heidelberg},
author={Ferber, Jacques and Gutknecht, Olivier and Michel, Fabien},
pages={214-230}
}

@inproceedings{Boella2004normas,
  author = {Guido Boella and Leendert W. N. van der Torre},
  booktitle = {KR},
  pages = {255-266},
  title = {Regulative and Constitutive Norms in Normative Multiagent Systems},
  year = {2004}
}

@book{Rawls1955,
  title={Two Concepts of Rules},
  author={Rawls, J.},
  isbn={9780829026016},
  series={Bobbs-Merrill reprint series in philosophy},
  year={1955},
  publisher={Ardent Media, Incorporated}
}

@book{Searle1969,
  title={Speech Acts: An Essay in the Philosophy of Language},
  author={Searle, J.R.},
  isbn={9780521096263},
  lccn={lc68024484},
  series={Cam: [Verschiedene Aufl.]},
  year={1969},
  publisher={Cambridge University Press}
}
@book{Searle1997,
  Author = {John R. Searle},
  Title = {The Construction of Social Reality},
  Publisher = {Free Press},
  Year = {1997},
  ISBN = {0684831791}
}

@PhdThesis{Criado2012,
    author = {Natalia Criado Pacheco},
    title = {{USING NORMS TO CONTROL OPEN MULTI-AGENT SYSTEMS}},
    school = {Departamento de Sistemas Informáticos y Computación, Universidad Politécnica de Valencia},
    year = 2012,
    type = {Tesis Doctoral en Informática}
}
@book{thagard2002,
  title={Coherence in thought and action},
  author={Thagard, P.},
  isbn={9780262700924},
  lccn={00035503},
  series={A Bradford book},
  year={2002},
  publisher={M I T PRESS (MA)}
}

@book{Fadiman1986,
  title={Teorias da personalidade},
  author={Fadiman, J. and Frager, R.},
  isbn={9788529400969},
  year={1986},
  publisher={Harbra}
}

@book{Moreira1999,
  title={Teorias de aprendizagem},
  author={Moreira, M.A.},
  isbn={9788512321400},
  year={1999},
  publisher={Editora Pedag{\'o}gica e Universit{\'a}ria}
}

@book{Jung2011,
  Author = {C. G. Jung},
  Title = {Desenvolvimento da Personalidade (Em Portugues do Brasil)},
  Publisher = {Vozes},
  Year = {2011},
  ISBN = {8532607411},
  URL = {http://www.amazon.com/Desenvolvimento-Personalidade-Em-Portugues-Brasil/dp/8532607411%3FSubscriptionId%3D0JYN1NVW651KCA56C102%26tag%3Dtechkie-20%26linkCode%3Dxm2%26camp%3D2025%26creative%3D165953%26creativeASIN%3D8532607411}
}

@INPROCEEDINGS{Toni2007,
    author = {Francesca Toni},
    title = {Assumption-based argumentation for selection and composition of services},
    booktitle = {In: Proceedings of the 8th International Workshop on Computational Logic in Multi-Agent Systems (CLIMA VIII)},
    year = {2007}
}

@INPROCEEDINGS{Gaertner2007casapi,
    author = {Dorian Gaertner and Francesca Toni},
    title = {CaSAPI: a system for credulous and sceptical argumentation},
    booktitle = {Proc. Workshop on Argumentation for Non-monotonic Reasoning. (2007) 80–95},
    year = {2007},
    pages = {80--95}
}

@article{Kowalski1996,
  author    = {Robert A. Kowalski and
               Francesca Toni},
  title     = {Abstract Argumentation},
  journal   = {Artif. Intell. Law},
  volume    = {4},
  number    = {3-4},
  year      = {1996},
  pages     = {275-296},
  ee        = {http://dx.doi.org/10.1007/BF00118494},
  bibsource = {DBLP, http://dblp.uni-trier.de}
}

@MISC{Bondarenko1997,
    author = {A. Bondarenko and P.M. Dung and R. A. Kowalski and F. Toni},
    title = {An Abstract, Argumentation-Theoretic Approach to Default Reasoning},
    year = {1997}
}

@book {Thayer1989,
  author = {Robert E. Thayer},
  title = {The biopsychology of mood and arousal},
    edition = {1st},
    isbn = {0195068270},
   publisher = {Oxford University Press},
    year = {1989}
}

@book {Thayer1996,
  author = {Robert E. Thayer},
  title = {The origin of everyday moods: Managing energy, tension and stress},
    edition = {1st},
    isbn = {0756756901},
   publisher = {Oxford University Press},
    year = {1996}
}


@article{Torre1999a,
  author = {Leendert W. N. van der Torre and Yao-Hua Tan},
  bibsource = {DBLP, http://dblp.uni-trier.de},
  ee = {http://dx.doi.org/10.1023/A:1008359312576},
  journal = {Artif. Intell. Law},
  number = {1},
  pages = {51-67},
  title = {Diagnosis and Decision Making in Normative Reasoning},
  volume = {7},
  year = {1999},
  bdsk-url-1 = {http://icr.uni.lu/leonvandertorre/papers/ailaw99.ps.Z}
}

@article{Joseph2010,
  author    = {Sindhu Joseph and
               Carles Sierra and
               W. Marco Schorlemmer and
               Pilar Dellunde},
  title     = {Deductive coherence and norm adoption},
  journal   = {Logic Journal of the IGPL},
  volume    = {18},
  number    = {1},
  year      = {2010},
  pages     = {118-156},
  ee        = {http://dx.doi.org/10.1093/jigpal/jzp074},
  bibsource = {DBLP, http://dblp.uni-trier.de}
}

@inproceedings{Gaertner2007,
 author = {Gaertner, Dorian and Toni, Francesca},
 title = {Preferences and assumption-based argumentation for conflict-free normative agents},
 booktitle = {Proceedings of the 4th international conference on Argumentation in multi-agent systems},
 series = {ArgMAS'07},
 year = {2008},
 isbn = {3-540-78914-6, 978-3-540-78914-7},
 location = {Honolulu, HI, USA},
 pages = {94--113},
 numpages = {20},
 acmid = {1802503},
 publisher = {Springer-Verlag},
 address = {Berlin, Heidelberg},
 keywords = {{BDI} agents, argumentation, conflicts, norms},
} 

@inproceedings{Andrighetto2007,
    author = {Andrighetto, G. and Campenni, M. and Conte, R. and Paolucci, M.},
    booktitle = {Proceedings of AAAI Symposium, Social and Organizational Aspects of Intelligence},
    citeulike-article-id = {9267953},
    citeulike-linkout-0 = {http://www.aaai.org/Library/Symposia/Fall/fs07-04.php},
    keywords = {immergence, norm\_innovation, norms},
    posted-at = {2011-05-09 10:45:28},
    priority = {2},
    title = {{On the immergence of norms: a normative agent architecture}},
    year = {2007}
}

@article{Sadri2006,
  author    = {Fariba Sadri and
               Kostas Stathis and
               Francesca Toni},
  title     = {Normative KGP agents},
  journal   = {Computational {\&} Mathematical Organization Theory},
  volume    = {12},
  number    = {2-3},
  year      = {2006},
  pages     = {101-126},
  ee        = {http://dx.doi.org/10.1007/s10588-006-9539-5},
  bibsource = {DBLP, http://dblp.uni-trier.de}
}

@inproceedings{Kollingbaum2005,
 author = {Kollingbaum, Martin J. and Norman, Timothy J.},
 title = {Informed deliberation during norm-governed practical reasoning},
 booktitle = {Proceedings of the 2005 international conference on Agents, Norms and Institutions for Regulated Multi-Agent Systems},
 series = {AAMAS'05},
 year = {2006},
 isbn = {3-540-35173-6, 978-3-540-35173-3},
 location = {Utrecht, The Netherlands},
 pages = {183--197},
 numpages = {15},
 doi = {10.1007/11775331_13},
 acmid = {2181952},
 publisher = {Springer-Verlag},
 address = {Berlin, Heidelberg},
} 

@inproceedings{Broersen2001,
 author = {Broersen, Jan and Dastani, Mehdi and Hulstijn, Joris and Huang, Zisheng and van der Torre, Leendert},
 title = {The BOID architecture: conflicts between beliefs, obligations, intentions and desires},
 booktitle = {Proceedings of the fifth international conference on Autonomous agents},
 series = {AGENTS '01},
 year = {2001},
 isbn = {1-58113-326-X},
 location = {Montreal, Quebec, Canada},
 pages = {9--16},
 numpages = {8},
 doi = {10.1145/375735.375766},
 acmid = {375766},
 publisher = {ACM},
 address = {New York, NY, USA},
} 

@INPROCEEDINGS{Boella2000,
    author = {G.Boella and L.Lesmo},
    title = {Deliberate Normative Agents},
    booktitle = {In Proceedings Autonomous Agents 2000 Workshop on Norms and Institutions},
    year = {2000}
 }

@INPROCEEDINGS{Dignum2000,
    author = {F. Dignum and D. Morley and E. A. Sonenberg and L. Cavedon},
    title = {Towards socially sophisticated {BDI} agents},
    booktitle = {In Proceedings of the ICMAS 2000},
    year = {2000},
    pages = {111--118},
    publisher = {IEEE Computer Society}
}

@proceedings{Castelfranchi2000,
  author    = {Cristiano Castelfranchi},
  title     = {Prescribed Mental Attitudes in Goal-Adoption and Norm-Adoption},
  journal   = {Artif. Intell. Law},
  volume    = {7},
  number    = {1},
  year      = {1999},
  pages     = {37-50},
  ee        = {http://dx.doi.org/10.1023/A:1008363413485},
  bibsource = {DBLP, http://dblp.uni-trier.de}
}

@article{Gomes2008,
   title = {{Um panorama da lógica deôntica}},
   journal = {{Kriterion: Revista de Filosofia}},
   author={Gomes, Nelson Gonçalves},
   ISSN = {0100-512X},
   language = {pt},
   URL = {http://www.scielo.br/scielo.php?script=sci_arttext&pid=S0100-512X2008000100002&nrm=iso},
   volume = {49},
   year = {2008},
   month = {00},
   pages = {9 - 38},
   publisher = {scielo},
   crossref = {10.1590/S0100-512X2008000100002},
   }

@article{Conte2009,
  title={On norm internalization. a position paper},
  author={Conte, R. and Andrighetto, G. and Campenni, M.},
  journal={Proc. of EUMAS},
  year={2009}
}


@article{Andrighetto2010,
 author = {Andrighetto, Giulia and Villatoro, Daniel and Conte, Rosaria},
 title = {Norm internalization in artificial societies},
 journal = {AI Commun.},
 issue_date = {December 2010},
 volume = {23},
 number = {4},
 month = dec,
 year = {2010},
 issn = {0921-7126},
 pages = {325--339},
 numpages = {15},
 acmid = {1898066},
 publisher = {IOS Press},
 address = {Amsterdam, The Netherlands, The Netherlands},
 keywords = {Rich cognitive modeling, agent architecture, agent based social simulation, autonomous agents, internalization, norms},
} 

@inproceedings{Grimaldo2008,
 author = {Grimaldo, Francisco and Lozano, Miguel and Barber, Fernando},
 title = {MADeM: a multi-modal decision making for social MAS},
 booktitle = {Proceedings of the 7th international joint conference on Autonomous agents and multiagent systems - Volume 1},
 series = {AAMAS '08},
 year = {2008},
 isbn = {978-0-9817381-0-9},
 location = {Estoril, Portugal},
 pages = {183--190},
 numpages = {8},
 acmid = {1402413},
 publisher = {International Foundation for Autonomous Agents and Multiagent Systems},
 address = {Richland, SC},
 keywords = {multiagent resource allocation, social reasoning, welfare economics},
}

@inproceedings{Boella2012,
 author = {Boella, Guido and Tosatto, Silvano Colombo and Garcez, Artur D'Avila and Genovese, Valerio and Perotti, Alan and van der Torre, Leendert},
 title = {Learning and reasoning about norms using neural-symbolic systems},
 booktitle = {Proceedings of the 11th International Conference on Autonomous Agents and Multiagent Systems - Volume 2},
 series = {AAMAS '12},
 year = {2012},
 isbn = {0-9817381-2-5, 978-0-9817381-2-3},
 location = {Valencia, Spain},
 pages = {1023--1030},
 numpages = {8},
 acmid = {2343843},
 publisher = {International Foundation for Autonomous Agents and Multiagent Systems},
 address = {Richland, SC},
 keywords = {computational architectures for learning, knowledge representation, single agent learning, single agent reasoning},
} 

@book{Wooldridge2002,
    author = {Wooldridge, Michael},
    day = {12},
    edition = {1st},
    howpublished = {Paperback},
    isbn = {047149691X},
    keywords = {mas, multi-agent},
    month = jun,
    posted-at = {2008-02-03 01:48:29},
    priority = {4},
    publisher = {John Wiley \& Sons},
    title = {{An Introduction to MultiAgent Systems}},
    year = {2002}
}

@Book{Inverno2001,
editor = "Mark d'Inverno and Michael Luck",
title = "Understanding agent systems",
publisher = "Springer",
address = "New York",
series = "Springer series on agent technology.",
note = "2001031126 Mark d'Inverno. Michael Luck (eds.) Includes bibliographical references and index.",
keywords = "agents, honours reading, proof theory",
year = "2001"}

@book{Bratman1987,
    author = {Bratman, Michael E.},
    citeulike-article-id = {2063638},
    day = {01},
    howpublished = {Paperback},
    isbn = {1575861925},
    keywords = {{BDI}, belief, desire, intention},
    month = mar,
    posted-at = {2009-02-28 17:00:51},
    priority = {2},
    publisher = {Cambridge University Press},
    title = {{Intention, Plans, and Practical Reason}},
    year = {1999}
}

@inproceedings{Lopez2004,
  author    = {Fabiola L{\'o}pez y L{\'o}pez and
               Amauri Arenas Marquez},
  title     = {An Architecture for Autonomous Normative Agents},
  booktitle = {ENC},
  year      = {2004},
  pages     = {96-103},
  ee        = {http://doi.ieeecomputersociety.org/10.1109/ENC.2004.1342594},
  crossref  = {DBLP:conf/enc/2004},
  bibsource = {DBLP, http://dblp.uni-trier.de}
}
@proceedings{DBLP:conf/enc/2004,
  title     = {5th Mexican International Conference on Computer Science
               (ENC 2004), 20-24 September 2004, Colima, Mexico},
  booktitle = {ENC},
  publisher = {IEEE Computer Society},
  year      = {2004},
  isbn      = {0-7695-2160-6},
  bibsource = {DBLP, http://dblp.uni-trier.de}
}

@article{Dastani2008,
  title={2APL: a practical agent programming language},
  author={Dastani, M.},
  journal={Autonomous Agents and Multi-Agent Systems},
  volume={16},
  number={3},
  pages={214--248},
  year={2008},
  publisher={Springer}
}

@inproceedings{Riemsdijk2004,
 author = {van Riemsdijk, M. Birna and Dastani, Mehdi and Dignum, Frank and Meyer, John-Jules Ch.},
 title = {Dynamics of declarative goals in agent programming},
 booktitle = {Proceedings of the Second international conference on Declarative Agent Languages and Technologies},
 series = {DALT'04},
 year = {2005},
 isbn = {3-540-26172-9, 978-3-540-26172-8},
 location = {New York, NY},
 pages = {1--18},
 numpages = {18},
 acmid = {2136723},
 publisher = {Springer-Verlag},
 address = {Berlin, Heidelberg},
} 

@book{Stratulat2002,
  title={Syst{\`e}mes d'agents normatifs: concepts et outils logiques},
  author={Stratulat, T.},
  year={2002}
}

@inproceedings{Broersen2007,
  affiliation = {icr},
  author = {Jan Broersen and Leendert van der Torre},
  booktitle = {PRIMA},
  publisher = {Springer},
  series = {Lecture Notes in Computer Science},
  title = {Reasoning About Norms, Obligations, Time and Agents},
  year = 2007
}

@inproceedings{Vasconcelos2007,
  author    = {Wamberto Weber Vasconcelos and
               Martin J. Kollingbaum and
               Timothy J. Norman},
  title     = {Resolving conflict and inconsistency in norm-regulated virtual
               organizations},
  booktitle = {AAMAS},
  year      = {2007},
  pages     = {91},
  ee        = {http://doi.acm.org/10.1145/1329125.1329236},
  crossref  = {DBLP:conf/atal/2007},
  bibsource = {DBLP, http://dblp.uni-trier.de}
}

@inproceedings{Boella2004,
  author    = {Guido Boella and
               Leendert W. N. van der Torre},
  title     = {Fulfilling or Violating Obligations in Normative Multiagent
               Systems},
  booktitle = {IAT},
  year      = {2004},
  pages     = {483-486},
  ee        = {http://doi.ieeecomputersociety.org/10.1109/IAT.2004.1343001},
}

@inproceedings{Birna2009,
 author = {Riemsdijk, M. Birna and Hindriks, Koen and Jonker, Catholijn},
 title = {Programming Organization-Aware Agents},
 booktitle = {Proceedings of the 10th International Workshop on Engineering Societies in the Agents World X},
 series = {ESAW '09},
 year = {2009},
 isbn = {978-3-642-10202-8},
 location = {Utrecht, The Netherlands},
 pages = {98--112},
 numpages = {15},
 acmid = {1694702},
 publisher = {Springer-Verlag},
 address = {Berlin, Heidelberg}
} 

@article {Castelfranchi1999,
   author = {Castelfranchi, Cristiano},
   title = {Prescribed mental attitudes in goal-adoption and norm-adoption},
   journal = {Artificial Intelligence and Law},
   publisher = {Springer Netherlands},
   issn = {0924-8463},
   keyword = {Computer Science},
   pages = {37-50},
   volume = {7},
   issue = {1},
   note = {10.1023/A:1008363413485},
   year = {1999}
}

@TECHREPORT{Lopez2003,
    author = {Fabiola López Y López},
    title = {Social Power and Norms: Impact on Agent Behaviour},
    institution = {},
    year = {2003}
}

@incollection {Conte1999,
   author = {Conte, Rosaria and Castelfranchi, Cristiano and Dignum, Frank},
   affiliation = {Division of AI, Cognitive and Interaction Modelling - IP/Cnr, Rome, Italy},
   title = {Autonomous Norm Acceptance},
   booktitle = {Intelligent Agents V: Agents Theories, Architectures, and Languages},
   series = {Lecture Notes in Computer Science},
   editor = {Müller, Jörg and Rao, Anand and Singh, Munindar},
   publisher = {Springer Berlin / Heidelberg},
   isbn = {978-3-540-65713-2},
   keyword = {Computer Science},
   pages = {99-112},
   volume = {1555},
   year = {1999}
}

@incollection {Criado2010,
   author = {Criado, Natalia and Argente, Estefania and Botti, Vicent},
   affiliation = {Departamento de Sistemas Informáticos y Computación, Universidad Politécnica de Valencia, Camino de Vera s/n, 46022 Valencia, Spain},
   title = {Rational Strategies for Norm Compliance in the n-{BDI} Proposal},
   booktitle = {Coordination, Organizations, Institutions, and Norms in Agent Systems VI},
   series = {Lecture Notes in Computer Science},
   editor = {De Vos, Marina and Fornara, Nicoletta and Pitt, Jeremy and Vouros, George},
   publisher = {Springer Berlin / Heidelberg},
   isbn = {978-3-642-21267-3},
   keyword = {Computer Science},
   pages = {1-20},
   volume = {6541},
   year = {2011}
}


@book{mill2001,
  title={Utilitarianism},
  author={Mill, J.S. and Sher, G.},
  isbn={9780872206052},
  lccn={2001039619},
  series={Classics Series},
  year={2001},
  publisher={Hackett Pub.}
}

@inproceedings{Alechina2012,
author =    "Natasha Alechina and Mehdi Dastani and Brian Logan",
title =    "Programming Norm-Aware Agents",
booktitle =    "Proceedings of the 11th International Conference on Autonomous Agents and Multiagent Systems ({AAMAS} 2012)",
editor =    "Vincent Conitzer and Michael Winikoff and Lin Padgham and van der Hoek, Wiebe",
pages =    "",
month =    "June",
year =    2012,
address =    "Valencia, Spain",
}

@MISC{Jones1996,
    author = {Andrew Jones and Marek Sergot},
    title = {A Formal Characterisation of Institutionalised Power},
    year = {1996}
}

@INPROCEEDINGS{CastelfranchiPower2002,
    author = {Cristiano Castelfranchi},
    title = {A micro and macro definition of power},
    booktitle = {In ProtoSociology - An International Journal of Interdisciplinary Research},
    year = {2002},
    pages = {208--268},
    publisher = {}
}

@INPROCEEDINGS{Sichman1994asocial,
    author = {Jaime Simão Sichman and Rosaria Conte and Yves Demazeau and Cristiano Castelfranchi},
    title = {A Social Reasoning Mechanism Based On Dependence Networks},
    booktitle = {},
    year = {1994},
    pages = {188--192},
    publisher = {John Wiley and Sons}
}

@incollection{Carabelea2004,
abstract = {One of the main challenges in multi-agent systems is the coordination of autonomous agents. In order to achieve this coordination, the agents are considered to be part of what we call a group (e.g., organization, institution, team, normative society, etc.). Our goal is to enable an agent to reason about the implications of being part of a group: what does it gain or lose, what are the constraints imposed on its behaviour. The theory of social power has been proposed as a paradigm to describe the agent’s behaviour. In this paper we use this theory, we formalize it and we extend it to include group-related aspects. We then show how, using this theory, an agent is able to reason about the constraints imposed on its behaviour by the group, for example to decide whether it should enter or not a group.},
author = {Carabelea, Cosmin and Boissier, Olivier and Castelfranchi, Cristiano},
doi = {10.1007/11423355\_12},
editor = {Gleizes, Marie-Pierre and Omicini, Andrea and Zambonelli, Franco},
isbn = {978-3-540-27330-1},
keywords = {Computer Science},
pages = {898},
publisher = {Springer Berlin / Heidelberg},
series = {Lecture Notes in Computer Science},
title = {{Using Social Power to Enable Agents to Reason About Being Part of a Group}},
volume = {3451},
year = {2005}
}
@article{Carabelea2007,
author = {Carabelea, Cosmin},
file = {:Users/tiago/Dropbox/DAS/dr/revisao bibliografica/PhD\_Carabelea.pdf:pdf},
title = {{Raisonner sur l ' autonomie d ' un agent au sein de syst\`{e}mes multi-agents ouverts}},
year = {2007}
}
@article{Paiva2007,
author = {Paiva, Ana and Prada, Rui and Picard, Rosalind W.},
file = {:Users/tiago/Dropbox/DAS/dr/revisao bibliografica/[Ana\_Paiva,\_Rui\_Prada,\_Rosalind\_W.\_Picard]\_Affecti(BookFi.org).pdf:pdf},
isbn = {9783540748885},
journal = {Second International Conference},
title = {{Affective Computing and Intelligent Interaction}},
year = {2007}
}
@inproceedings{Meneguzzi2009,
author = {Meneguzzi, Felipe and Luck, Michael},
booktitle = {Proceedings of The 8th International Conference on Autonomous Agents and Multiagent Systems-Volume 1},
file = {:Users/tiago/Dropbox/DAS/dr/revisao bibliografica/03\_17\_FP\_0584.pdf:pdf},
pages = {177--184},
publisher = {International Foundation for Autonomous Agents and Multiagent Systems},
title = {{Norm-based behaviour modification in {BDI} agents}},
year = {2009}
}
@article{Sichman2002,
author = {Sichman, Jaime Sim\~{a}o},
file = {:Users/tiago/Dropbox/DAS/dr/revisao bibliografica/Multi-agent dependence by dependence graphs -sichman.pdf:pdf},
journal = {Artificial Intelligence},
keywords = {emergent,formalisms for agents and,group dynamics,groups,mas,organizations and societies,self-organizing systems,teams},
pages = {483--490},
title = {{Multi-Agent Dependence by Dependence Graphs}},
year = {2002}
}
@book{Thielscher2005,
author = {Thielscher, M.},
booktitle = {Knowledge Creation Diffusion Utilization},
file = {:Users/tiago/Dropbox/DAS/dr/revisao bibliografica/[Michael\_Thielscher]\_Reasoning\_Robots\_The\_Art\_and(BookFi.org).pdf:pdf},
isbn = {1402030681},
publisher = {Kluwer Academic Pub},
title = {{Reasoning robots: the art and science of programming robotic agents}},
volume = {33},
year = {2005}
}
@article{Picard,
author = {Picard, RW},
file = {:Users/tiago/Dropbox/DAS/dr/revisao bibliografica/[Rosalind\_W.\_Picard]\_Affective\_computing(BookFi.org).pdf:pdf},
journal = {MIT Press},
title = {{Affective computing}},
}
@article{Whisner2003,
author = {Whisner, W.},
file = {:Users/tiago/Dropbox/DAS/dr/revisao bibliografica/A new theory of emotion - Moral reasoning and emotion.pdf:pdf},
journal = {Philosophia},
number = {1},
pages = {3--30},
publisher = {Springer},
title = {{A new theory of emotion: Moral reasoning and emotion}},
volume = {54},
year = {2003}
}
@article{Bouquet2003,
author = {Bouquet, Paolo and Ghidini, Chiara and Giunchiglia, Fausto and Blanzieri, Enrico},
doi = {10.1016/S0378-2166(02)00145-5},
file = {:Users/tiago/Dropbox/DAS/dr/revisao bibliografica/science.pdf:pdf},
issn = {03782166},
journal = {Journal of Pragmatics},
keywords = {contextual reasoning,knowledge representation,theory of context,uses of context},
month = mar,
number = {3},
pages = {455--484},
title = {{Theories and uses of context in knowledge representation and reasoning}},
volume = {35},
year = {2003}
}
@article{Bettini2010,
author = {Bettini, Claudio and Brdiczka, Oliver and Henricksen, Karen and Indulska, Jadwiga and Nicklas, Daniela and Ranganathan, Anand and Riboni, Daniele},
doi = {10.1016/j.pmcj.2009.06.002},
file = {:Users/tiago/Dropbox/DAS/dr/revisao bibliografica/science (1).pdf:pdf},
issn = {15741192},
journal = {Pervasive and Mobile Computing},
month = apr,
number = {2},
pages = {161--180},
publisher = {Elsevier B.V.},
title = {{A survey of context modelling and reasoning techniques}},
volume = {6},
year = {2010}
}
@article{Carabelea2005,
author = {Carabelea, Cosmin and Boissier, Olivier and Castelfranchi, Cristiano and Etienne, Sma-gi-ens Mines De St},
file = {:Users/tiago/Dropbox/DAS/dr/revisao bibliografica/Using Social Power to Enable Agents to Reason About Being Part of a Group.pdf:pdf},
pages = {166--177},
title = {{Using Social Power to Enable Agents to Reason About}},
year = {2005}
}
@article{YLopez2002,
address = {New York, New York, USA},
author = {y L\'{o}pez, Fabiola L\'{o}pez and Luck, Michael and D'Inverno, Mark},
doi = {10.1145/544904.544905},
file = {:Users/tiago/Dropbox/DAS/dr/revisao bibliografica/Constraining Autonomy through Norms.pdf:pdf},
isbn = {1581134800},
journal = {Proceedings of the first international joint conference on Autonomous agents and multiagent systems part 2 - AAMAS '02},
keywords = {control,norms,social order},
pages = {674},
publisher = {ACM Press},
title = {{Constraining autonomy through norms}},
year = {2002}
}
@article{Carabelea2006,
author = {Carabelea, Cosmin and Boissier, Olivier},
doi = {10.1016/j.entcs.2006.03.006},
file = {:Users/tiago/Dropbox/DAS/dr/revisao bibliografica/Coordinating Agents in Organizations Using Social Commitments.pdf:pdf},
issn = {15710661},
journal = {Electronic Notes in Theoretical Computer Science},
keywords = {agent organizations,social commitments},
month = may,
number = {3},
pages = {73--91},
title = {{Coordinating Agents in Organizations Using Social Commitments}},
volume = {150},
year = {2006}
}
@article{Caille1990,
author = {Caill\'{e}, Alain},
file = {:Users/tiago/Dropbox/DAS/dr/revisao bibliografica/v16n1-2a03.pdf:pdf},
journal = {Homo},
pages = {26--56},
title = {{O princ\'{\i}pio de raz\~{a}o, o utilitarismo e o antiutilitarismo *}},
year = {1990}
}
@article{DeSoto1965,
author = {{De Soto}, C B and London, M and Handel, S},
file = {:Users/tiago/Dropbox/DAS/dr/revisao bibliografica/SOCIAL RKASON1NG AND SPATIAL PARALOGIC.pdf:pdf},
issn = {0022-3514},
journal = {Journal of personality and social psychology},
keywords = {Humans,Logic,Perception,Psychology, Social,Thinking},
month = oct,
number = {4},
pages = {513--21},
pmid = {5841356},
title = {{Social reasoning and spatial paralogic.}},
volume = {2},
year = {1965}
}
@article{Glass2000,
address = {New York, New York, USA},
author = {Glass, Alyssa and Grosz, Barbara},
doi = {10.1145/336595.337385},
file = {:Users/tiago/Dropbox/DAS/dr/revisao bibliografica/Socially Conscious Decision-Making.pdf:pdf},
isbn = {1581132301},
journal = {Proceedings of the fourth international conference on Autonomous agents - AGENTS '00},
keywords = {collaboration,decision-making,inten-,multi-agent systems,simulation,social consciousness},
pages = {217--224},
publisher = {ACM Press},
title = {{Socially conscious decision-making}},
year = {2000}
}
@book{FOUCAULD2003,
author = {Foucault, Michel},
editor = {ROSE, NIKOLAS and RABINOW, PAUL},
pages = {43--57},
publisher = {THE NEW YORK PRESS},
title = {{What is Enlightenment}},
year = {2003}
}
